@Manual{R-base,
  title = {R: A Language and Environment for Statistical Computing},
  author = {{R Core Team}},
  organization = {R Foundation for Statistical Computing},
  address = {Vienna, Austria},
  year = {2021},
  url = {https://www.R-project.org/},
}

@Manual{R-blogdown,
  title = {blogdown: Create Blogs and Websites with R Markdown},
  author = {Yihui Xie and Christophe Dervieux and Alison {Presmanes Hill}},
  year = {2021},
  note = {R package version 1.7},
  url = {https://CRAN.R-project.org/package=blogdown},
}

@Manual{R-bookdown,
  title = {bookdown: Authoring Books and Technical Documents with R Markdown},
  author = {Yihui Xie},
  year = {2022},
  note = {https://github.com/rstudio/bookdown},
}

@Manual{R-DT,
  title = {DT: A Wrapper of the JavaScript Library DataTables},
  author = {Yihui Xie and Joe Cheng and Xianying Tan},
  year = {2021},
  note = {R package version 0.20},
  url = {https://github.com/rstudio/DT},
}

@Manual{R-dygraphs,
  title = {dygraphs: Interface to Dygraphs Interactive Time Series Charting Library},
  author = {Dan Vanderkam and JJ Allaire and Jonathan Owen and Daniel Gromer and Benoit Thieurmel},
  year = {2018},
  note = {R package version 1.1.1.6},
  url = {https://github.com/rstudio/dygraphs},
}

@Manual{R-flexdashboard,
  title = {flexdashboard: R Markdown Format for Flexible Dashboards},
  author = {Richard Iannone and JJ Allaire and Barbara Borges},
  year = {2020},
  note = {R package version 0.5.2},
  url = {http://rmarkdown.rstudio.com/flexdashboard},
}

@Manual{R-htmltools,
  title = {htmltools: Tools for HTML},
  author = {Joe Cheng and Carson Sievert and Barret Schloerke and Winston Chang and Yihui Xie and Jeff Allen},
  year = {2021},
  note = {R package version 0.5.2},
  url = {https://github.com/rstudio/htmltools},
}

@Manual{R-htmlwidgets,
  title = {htmlwidgets: HTML Widgets for R},
  author = {Ramnath Vaidyanathan and Yihui Xie and JJ Allaire and Joe Cheng and Carson Sievert and Kenton Russell},
  year = {2021},
  note = {R package version 1.5.4},
  url = {https://github.com/ramnathv/htmlwidgets},
}

@Manual{R-JuliaCall,
  title = {JuliaCall: Seamless Integration Between R and Julia},
  author = {Changcheng Li},
  year = {2021},
  note = {R package version 0.17.4},
  url = {https://github.com/Non-Contradiction/JuliaCall},
}

@Manual{R-knitr,
  title = {knitr: A General-Purpose Package for Dynamic Report Generation in R},
  author = {Yihui Xie},
  year = {2021},
  note = {R package version 1.37},
  url = {https://yihui.org/knitr/},
}

@Manual{R-leaflet,
  title = {leaflet: Create Interactive Web Maps with the JavaScript Leaflet
Library},
  author = {Joe Cheng and Bhaskar Karambelkar and Yihui Xie},
  year = {2021},
  note = {R package version 2.0.4.1},
  url = {https://rstudio.github.io/leaflet/},
}

@Manual{R-learnr,
  title = {learnr: Interactive Tutorials for R},
  author = {Barret Schloerke and JJ Allaire and Barbara Borges},
  year = {2020},
  note = {R package version 0.10.1},
  url = {https://CRAN.R-project.org/package=learnr},
}

@Manual{R-markdown,
  title = {markdown: Render Markdown with the C Library Sundown},
  author = {JJ Allaire and Jeffrey Horner and Yihui Xie and Vicent Marti and Natacha Porte},
  year = {2019},
  note = {R package version 1.1},
  url = {https://github.com/rstudio/markdown},
}

@Manual{R-pkgdown,
  title = {pkgdown: Make Static HTML Documentation for a Package},
  author = {Hadley Wickham and Jay Hesselberth and Maëlle Salmon},
  year = {2022},
  note = {R package version 2.0.2},
  url = {https://CRAN.R-project.org/package=pkgdown},
}

@Manual{R-reticulate,
  title = {reticulate: Interface to Python},
  author = {Kevin Ushey and JJ Allaire and Yuan Tang},
  year = {2021},
  note = {R package version 1.22},
  url = {https://github.com/rstudio/reticulate},
}

@Manual{R-revealjs,
  title = {revealjs: R Markdown Format for reveal.js Presentations},
  author = {Hakim {El Hattab} and JJ Allaire},
  year = {2017},
  note = {R package version 0.9},
  url = {https://github.com/rstudio/revealjs},
}

@Manual{R-rmarkdown,
  title = {rmarkdown: Dynamic Documents for R},
  author = {JJ Allaire and Yihui Xie and Jonathan McPherson and Javier Luraschi and Kevin Ushey and Aron Atkins and Hadley Wickham and Joe Cheng and Winston Chang and Richard Iannone},
  year = {2021},
  note = {R package version 2.11},
  url = {https://CRAN.R-project.org/package=rmarkdown},
}

@Manual{R-rticles,
  title = {rticles: Article Formats for R Markdown},
  author = {JJ Allaire and Yihui Xie and Christophe Dervieux and {R Foundation} and Hadley Wickham and {Journal of Statistical Software} and Ramnath  Vaidyanathan and {Association for Computing Machinery} and Carl Boettiger and {Elsevier} and Karl Broman and Kirill Mueller and Bastiaan Quast and Randall  Pruim and Ben Marwick and Charlotte Wickham and Oliver Keyes and Miao Yu and Daniel Emaasit and Thierry Onkelinx and Alessandro Gasparini and Marc-Andre Desautels and Dominik Leutnant and {MDPI} and {Taylor and Francis} and Oğuzhan Öğreden and Dalton Hance and Daniel Nüst and Petter Uvesten and Elio Campitelli and John Muschelli and Alex Hayes and Zhian N. Kamvar and Noam Ross and Robrecht Cannoodt and Duncan Luguern and David M. Kaplan and Sebastian Kreutzer and Shixiang Wang and Jay Hesselberth},
  year = {2021},
  note = {R package version 0.22},
  url = {https://github.com/rstudio/rticles},
}

@Manual{R-servr,
  title = {servr: A Simple HTTP Server to Serve Static Files or Dynamic Documents},
  author = {Yihui Xie},
  year = {2021},
  note = {R package version 0.24},
  url = {https://github.com/yihui/servr},
}

@Manual{R-shiny,
  title = {shiny: Web Application Framework for R},
  author = {Winston Chang and Joe Cheng and JJ Allaire and Carson Sievert and Barret Schloerke and Yihui Xie and Jeff Allen and Jonathan McPherson and Alan Dipert and Barbara Borges},
  year = {2021},
  note = {R package version 1.7.1},
  url = {https://shiny.rstudio.com/},
}

@Manual{R-tinytex,
  title = {tinytex: Helper Functions to Install and Maintain TeX Live, and Compile
LaTeX Documents},
  author = {Yihui Xie},
  year = {2021},
  note = {R package version 0.36},
  url = {https://github.com/yihui/tinytex},
}

@Manual{R-tufte,
  title = {tufte: Tufte's Styles for R Markdown Documents},
  author = {Yihui Xie and JJ Allaire},
  year = {2021},
  note = {R package version 0.11},
  url = {https://github.com/rstudio/tufte},
}

@Manual{R-webshot,
  title = {webshot: Take Screenshots of Web Pages},
  author = {Winston Chang},
  year = {2019},
  note = {R package version 0.5.2},
  url = {https://github.com/wch/webshot/},
}

@Manual{R-xaringan,
  title = {xaringan: Presentation Ninja},
  author = {Yihui Xie},
  year = {2021},
  note = {R package version 0.22},
  url = {https://github.com/yihui/xaringan},
}

@Book{blogdown2017,
  title = {blogdown: Creating Websites with {R} Markdown},
  author = {Yihui Xie and Alison Presmanes Hill and Amber Thomas},
  publisher = {Chapman and Hall/CRC},
  address = {Boca Raton, Florida},
  year = {2017},
  note = {ISBN 978-0815363729},
  url = {https://bookdown.org/yihui/blogdown/},
}

@Book{bookdown2016,
  title = {bookdown: Authoring Books and Technical Documents with {R} Markdown},
  author = {Yihui Xie},
  publisher = {Chapman and Hall/CRC},
  address = {Boca Raton, Florida},
  year = {2016},
  note = {ISBN 978-1138700109},
  url = {https://bookdown.org/yihui/bookdown},
}

@Article{JuliaCall,
  author = {Changcheng Li},
  title = {{JuliaCall}: an {R} package for seamless integration between {R} and {Julia}},
  journal = {The Journal of Open Source Software},
  publisher = {The Open Journal},
  year = {2019},
  volume = {4},
  number = {35},
  pages = {1284},
  doi = {10.21105/joss.01284},
}

@Book{knitr2015,
  title = {Dynamic Documents with {R} and knitr},
  author = {Yihui Xie},
  publisher = {Chapman and Hall/CRC},
  address = {Boca Raton, Florida},
  year = {2015},
  edition = {2nd},
  note = {ISBN 978-1498716963},
  url = {https://yihui.org/knitr/},
}

@InCollection{knitr2014,
  booktitle = {Implementing Reproducible Computational Research},
  editor = {Victoria Stodden and Friedrich Leisch and Roger D. Peng},
  title = {knitr: A Comprehensive Tool for Reproducible Research in {R}},
  author = {Yihui Xie},
  publisher = {Chapman and Hall/CRC},
  year = {2014},
  note = {ISBN 978-1466561595},
  url = {http://www.crcpress.com/product/isbn/9781466561595},
}

@Book{rmarkdown2018,
  title = {R Markdown: The Definitive Guide},
  author = {Yihui Xie and J.J. Allaire and Garrett Grolemund},
  publisher = {Chapman and Hall/CRC},
  address = {Boca Raton, Florida},
  year = {2018},
  note = {ISBN 9781138359338},
  url = {https://bookdown.org/yihui/rmarkdown},
}

@Book{rmarkdown2020,
  title = {R Markdown Cookbook},
  author = {Yihui Xie and Christophe Dervieux and Emily Riederer},
  publisher = {Chapman and Hall/CRC},
  address = {Boca Raton, Florida},
  year = {2020},
  note = {ISBN 9780367563837},
  url = {https://bookdown.org/yihui/rmarkdown-cookbook},
}

@Article{tinytex2019,
  title = {TinyTeX: A lightweight, cross-platform, and easy-to-maintain LaTeX distribution based on TeX Live},
  author = {Yihui Xie},
  journal = {TUGboat},
  year = {2019},
  volumne = {40},
  number = {1},
  pages = {30--32},
  url = {https://tug.org/TUGboat/Contents/contents40-1.html},
}

